%YAML 1.1
%TAG !u! tag:unity3d.com,2011:
--- !u!29 &1
OcclusionCullingSettings:
  m_ObjectHideFlags: 0
  serializedVersion: 2
  m_OcclusionBakeSettings:
    smallestOccluder: 5
    smallestHole: 0.25
    backfaceThreshold: 100
  m_SceneGUID: 00000000000000000000000000000000
  m_OcclusionCullingData: {fileID: 0}
--- !u!104 &2
RenderSettings:
  m_ObjectHideFlags: 0
  serializedVersion: 9
  m_Fog: 0
  m_FogColor: {r: 0.5, g: 0.5, b: 0.5, a: 1}
  m_FogMode: 3
  m_FogDensity: 0.01
  m_LinearFogStart: 0
  m_LinearFogEnd: 300
  m_AmbientSkyColor: {r: 0.212, g: 0.227, b: 0.259, a: 1}
  m_AmbientEquatorColor: {r: 0.114, g: 0.125, b: 0.133, a: 1}
  m_AmbientGroundColor: {r: 0.047, g: 0.043, b: 0.035, a: 1}
  m_AmbientIntensity: 1
  m_AmbientMode: 3
  m_SubtractiveShadowColor: {r: 0.42, g: 0.478, b: 0.627, a: 1}
  m_SkyboxMaterial: {fileID: 0}
  m_HaloStrength: 0.5
  m_FlareStrength: 1
  m_FlareFadeSpeed: 3
  m_HaloTexture: {fileID: 0}
  m_SpotCookie: {fileID: 10001, guid: 0000000000000000e000000000000000, type: 0}
  m_DefaultReflectionMode: 0
  m_DefaultReflectionResolution: 128
  m_ReflectionBounces: 1
  m_ReflectionIntensity: 1
  m_CustomReflection: {fileID: 0}
  m_Sun: {fileID: 0}
  m_IndirectSpecularColor: {r: 0, g: 0, b: 0, a: 1}
  m_UseRadianceAmbientProbe: 0
--- !u!157 &3
LightmapSettings:
  m_ObjectHideFlags: 0
  serializedVersion: 12
  m_GIWorkflowMode: 1
  m_GISettings:
    serializedVersion: 2
    m_BounceScale: 1
    m_IndirectOutputScale: 1
    m_AlbedoBoost: 1
    m_EnvironmentLightingMode: 0
    m_EnableBakedLightmaps: 0
    m_EnableRealtimeLightmaps: 0
  m_LightmapEditorSettings:
    serializedVersion: 12
    m_Resolution: 2
    m_BakeResolution: 40
    m_AtlasSize: 1024
    m_AO: 0
    m_AOMaxDistance: 1
    m_CompAOExponent: 1
    m_CompAOExponentDirect: 0
    m_ExtractAmbientOcclusion: 0
    m_Padding: 2
    m_LightmapParameters: {fileID: 0}
    m_LightmapsBakeMode: 1
    m_TextureCompression: 1
    m_FinalGather: 0
    m_FinalGatherFiltering: 1
    m_FinalGatherRayCount: 256
    m_ReflectionCompression: 2
    m_MixedBakeMode: 2
    m_BakeBackend: 0
    m_PVRSampling: 1
    m_PVRDirectSampleCount: 32
    m_PVRSampleCount: 500
    m_PVRBounces: 2
    m_PVREnvironmentSampleCount: 500
    m_PVREnvironmentReferencePointCount: 2048
    m_PVRFilteringMode: 2
    m_PVRDenoiserTypeDirect: 0
    m_PVRDenoiserTypeIndirect: 0
    m_PVRDenoiserTypeAO: 0
    m_PVRFilterTypeDirect: 0
    m_PVRFilterTypeIndirect: 0
    m_PVRFilterTypeAO: 0
    m_PVREnvironmentMIS: 0
    m_PVRCulling: 1
    m_PVRFilteringGaussRadiusDirect: 1
    m_PVRFilteringGaussRadiusIndirect: 5
    m_PVRFilteringGaussRadiusAO: 2
    m_PVRFilteringAtrousPositionSigmaDirect: 0.5
    m_PVRFilteringAtrousPositionSigmaIndirect: 2
    m_PVRFilteringAtrousPositionSigmaAO: 1
    m_ExportTrainingData: 0
    m_TrainingDataDestination: TrainingData
    m_LightProbeSampleCountMultiplier: 4
  m_LightingDataAsset: {fileID: 0}
  m_LightingSettings: {fileID: 0}
--- !u!196 &4
NavMeshSettings:
  serializedVersion: 2
  m_ObjectHideFlags: 0
  m_BuildSettings:
    serializedVersion: 2
    agentTypeID: 0
    agentRadius: 0.5
    agentHeight: 2
    agentSlope: 45
    agentClimb: 0.4
    ledgeDropHeight: 0
    maxJumpAcrossDistance: 0
    minRegionArea: 2
    manualCellSize: 0
    cellSize: 0.16666667
    manualTileSize: 0
    tileSize: 256
    accuratePlacement: 0
    maxJobWorkers: 0
    preserveTilesOutsideBounds: 0
    debug:
      m_Flags: 0
  m_NavMeshData: {fileID: 0}
--- !u!1 &59220797
GameObject:
  m_ObjectHideFlags: 0
  m_CorrespondingSourceObject: {fileID: 0}
  m_PrefabInstance: {fileID: 0}
  m_PrefabAsset: {fileID: 0}
  serializedVersion: 6
  m_Component:
  - component: {fileID: 59220799}
  - component: {fileID: 59220798}
  m_Layer: 0
  m_Name: DevMap
  m_TagString: Untagged
  m_Icon: {fileID: 0}
  m_NavMeshLayer: 0
  m_StaticEditorFlags: 0
  m_IsActive: 1
--- !u!156049354 &59220798
Grid:
  m_ObjectHideFlags: 0
  m_CorrespondingSourceObject: {fileID: 0}
  m_PrefabInstance: {fileID: 0}
  m_PrefabAsset: {fileID: 0}
  m_GameObject: {fileID: 59220797}
  m_Enabled: 1
  m_CellSize: {x: 1, y: 1, z: 0}
  m_CellGap: {x: 0, y: 0, z: 0}
  m_CellLayout: 0
  m_CellSwizzle: 0
--- !u!4 &59220799
Transform:
  m_ObjectHideFlags: 0
  m_CorrespondingSourceObject: {fileID: 0}
  m_PrefabInstance: {fileID: 0}
  m_PrefabAsset: {fileID: 0}
  m_GameObject: {fileID: 59220797}
  m_LocalRotation: {x: 0, y: 0, z: 0, w: 1}
  m_LocalPosition: {x: 0, y: 0, z: 0}
  m_LocalScale: {x: 1, y: 1, z: 1}
  m_Children:
  - {fileID: 334677871}
  - {fileID: 891589559}
  m_Father: {fileID: 0}
  m_RootOrder: 6
  m_LocalEulerAnglesHint: {x: 0, y: 0, z: 0}
--- !u!1 &141539362
GameObject:
  m_ObjectHideFlags: 0
  m_CorrespondingSourceObject: {fileID: 0}
  m_PrefabInstance: {fileID: 0}
  m_PrefabAsset: {fileID: 0}
  serializedVersion: 6
  m_Component:
  - component: {fileID: 141539364}
  - component: {fileID: 141539363}
  m_Layer: 0
  m_Name: CM vcam1
  m_TagString: Untagged
  m_Icon: {fileID: 0}
  m_NavMeshLayer: 0
  m_StaticEditorFlags: 0
  m_IsActive: 1
--- !u!114 &141539363
MonoBehaviour:
  m_ObjectHideFlags: 0
  m_CorrespondingSourceObject: {fileID: 0}
  m_PrefabInstance: {fileID: 0}
  m_PrefabAsset: {fileID: 0}
  m_GameObject: {fileID: 141539362}
  m_Enabled: 1
  m_EditorHideFlags: 0
  m_Script: {fileID: 11500000, guid: 45e653bab7fb20e499bda25e1b646fea, type: 3}
  m_Name: 
  m_EditorClassIdentifier: 
  m_ExcludedPropertiesInInspector:
  - m_Script
  m_LockStageInInspector: 
  m_StreamingVersion: 20170927
  m_Priority: 10
  m_StandbyUpdate: 2
  m_LookAt: {fileID: 0}
  m_Follow: {fileID: 212702299}
  m_Lens:
    FieldOfView: 60
    OrthographicSize: 7
    NearClipPlane: 0.3
    FarClipPlane: 1000
    Dutch: 0
    LensShift: {x: 0, y: 0}
  m_Transitions:
    m_BlendHint: 0
    m_InheritPosition: 0
    m_OnCameraLive:
      m_PersistentCalls:
        m_Calls: []
  m_LegacyBlendHint: 0
  m_ComponentOwner: {fileID: 1805695385}
--- !u!4 &141539364
Transform:
  m_ObjectHideFlags: 0
  m_CorrespondingSourceObject: {fileID: 0}
  m_PrefabInstance: {fileID: 0}
  m_PrefabAsset: {fileID: 0}
  m_GameObject: {fileID: 141539362}
  m_LocalRotation: {x: 0, y: 0, z: 0, w: 1}
  m_LocalPosition: {x: 0.00000023841858, y: -15, z: -10}
  m_LocalScale: {x: 1, y: 1, z: 1}
  m_Children:
  - {fileID: 1805695385}
  m_Father: {fileID: 0}
  m_RootOrder: 8
  m_LocalEulerAnglesHint: {x: 0, y: 0, z: 0}
--- !u!1 &169940112
GameObject:
  m_ObjectHideFlags: 0
  m_CorrespondingSourceObject: {fileID: 0}
  m_PrefabInstance: {fileID: 0}
  m_PrefabAsset: {fileID: 0}
  serializedVersion: 6
  m_Component:
  - component: {fileID: 169940114}
  - component: {fileID: 169940113}
  m_Layer: 0
  m_Name: A*
  m_TagString: Untagged
  m_Icon: {fileID: 0}
  m_NavMeshLayer: 0
  m_StaticEditorFlags: 0
  m_IsActive: 1
--- !u!114 &169940113
MonoBehaviour:
  m_ObjectHideFlags: 0
  m_CorrespondingSourceObject: {fileID: 0}
  m_PrefabInstance: {fileID: 0}
  m_PrefabAsset: {fileID: 0}
  m_GameObject: {fileID: 169940112}
  m_Enabled: 1
  m_EditorHideFlags: 0
  m_Script: {fileID: 11500000, guid: 78396926cbbfc4ac3b48fc5fc34a87d1, type: 3}
  m_Name: 
  m_EditorClassIdentifier: 
  version: 1
  data:
    dataString: UEsDBBQAAAgIAAAIIeyFKKRZQQIAAO0EAAALACQAZ3JhcGgwLmpzb24KACAAAAAAAAEAGAAAgD7V3rGdAQCAPtXesZ0BAIA+1d6xnQF1VMty2jAU/RVG69JxaEhId60hpAsCE9LJxhshX9saZMmjR3gN/94r2WDjtivL55yre+7DPhEuTQXMKj3XPF2oFMj3AfFn8mXQki+wp7mSa36Ei+aDp7bwIho0b9RyhfidDzOqBKs5+yFz4cURgk7yTOlyluYQK2MNwhkVBpDSyvpoidBpQPb4GD75kEMTevTPwRlPDKQF3er+rXKSCVpWkHq/rfguusjxFIQSa2k03jdTQnDTGCH2UIVC3+jBl5lyikWF5F5bAM8Liy+jbuAyywzYxpCmhynX2Jv6RvJT1Q0rqdnWrj6pcCF5cFNfufiLHd+NAp9pVb5c0tbF2IKzLRpk1NhOQ7vw9Na3kzsqtnQj4KMA+armWjmZImm186HOwGjavl4riwtg2xavvfZAV/1/MkOs8RyK38eClxtPfb2vgbVQodVh6KBxKL/QcFgJ01yBqHfx28A7zbu70xDPXBuLVFOl9PY2ymkvJbPQM1+Ns7HSEgLcmK5AUmEPK7zG9ifY4zppe8wz9V9Jk7zhLsvfCwlwq4+iHrVSu+uwTKF2CzDF0lnBJbSmPfGKfYqVlPWCmVvSR62dzijrWsgdT293i0yAjeDxYfzAJtH9tywbTh4pY2w8jqJNNoGnjITd4xLrpGJVG23ag1OTbVqJe3b5eQzmmlZh2VNNd3N+LFV3aFxmas00gFzWV1wIAxqz4BeZzlKOHVqDtVyGgZNTQoRiW0iTa84k1DrbW02T9paEVPxTWY8kJA5/jIScyfkPUEsDBBQAAAgIAAAIIezwjM3ZbQAAAHgAAAAJACQAbWV0YS5qc29uCgAgAAAAAAABABgAAIA+1d6xnQEAgD7V3rGdAQCAPtXesZ0Bq1YqSy0qzszPU7JSMNEz0jM01VFQSi9KLMgoBooYgjilmSkgdrSSRWqyUaq5malZsoWBiXFamq6FeWJycrKpqYFBUppFqmWaUixQfUllQapfYm4qRE9AYklGWmZeSmZeup57UWaKO8hopdhaAFBLAQItABQAAAgIAAAIIeyFKKRZQQIAAO0EAAALACQAAAAAAAAAAAAAAAAAAABncmFwaDAuanNvbgoAIAAAAAAAAQAYAACAPtXesZ0BAIA+1d6xnQEAgD7V3rGdAVBLAQItABQAAAgIAAAIIezwjM3ZbQAAAHgAAAAJACQAAAAAAAAAAAAAAI4CAABtZXRhLmpzb24KACAAAAAAAAEAGAAAgD7V3rGdAQCAPtXesZ0BAIA+1d6xnQFQSwUGAAAAAAIAAgC4AAAARgMAAAAA
    upgradeData: 
    file_cachedStartup: {fileID: 0}
    data_cachedStartup: 
    cacheStartup: 0
  showNavGraphs: 1
  showUnwalkableNodes: 1
  debugMode: 0
  debugFloor: 0
  debugRoof: 1
  manualDebugFloorRoof: 0
  showSearchTree: 0
  unwalkableNodeDebugSize: 0.3
  logPathResults: 1
  maxNearestNodeDistance: 100
  scanOnStartup: 1
  fullGetNearestSearch: 0
  prioritizeGraphs: 0
  prioritizeGraphsLimit: 1
  colorSettings:
    _SolidColor: {r: 0.11764706, g: 0.4, b: 0.7882353, a: 0.9}
    _UnwalkableNode: {r: 1, g: 0, b: 0, a: 0.5}
    _BoundsHandles: {r: 0.29, g: 0.454, b: 0.741, a: 0.9}
    _ConnectionLowLerp: {r: 0, g: 1, b: 0, a: 0.5}
    _ConnectionHighLerp: {r: 1, g: 0, b: 0, a: 0.5}
    _MeshEdgeColor: {r: 0, g: 0, b: 0, a: 0.5}
    _AreaColors:
    - {r: 0, g: 0, b: 0, a: 0}
  tagNames: []
  heuristic: 2
  heuristicScale: 1
  threadCount: 1
  maxFrameTime: 10
  batchGraphUpdates: 0
  graphUpdateBatchingInterval: 0.2
  euclideanEmbedding:
    mode: 0
    seed: 0
    pivotPointRoot: {fileID: 0}
    spreadOutCount: 1
  showGraphs: 1
--- !u!4 &169940114
Transform:
  m_ObjectHideFlags: 0
  m_CorrespondingSourceObject: {fileID: 0}
  m_PrefabInstance: {fileID: 0}
  m_PrefabAsset: {fileID: 0}
  m_GameObject: {fileID: 169940112}
  m_LocalRotation: {x: 0, y: 0, z: 0, w: 1}
  m_LocalPosition: {x: 0, y: 0, z: 0}
  m_LocalScale: {x: 1, y: 20, z: 1}
  m_Children: []
  m_Father: {fileID: 0}
  m_RootOrder: 0
  m_LocalEulerAnglesHint: {x: 0, y: 0, z: 0}
--- !u!4 &212702299 stripped
Transform:
  m_CorrespondingSourceObject: {fileID: 8795730192237580352, guid: 8e696e964dd26344b8f248da2409893f, type: 3}
  m_PrefabInstance: {fileID: 8795730192444310555}
  m_PrefabAsset: {fileID: 0}
--- !u!1 &313995489 stripped
GameObject:
  m_CorrespondingSourceObject: {fileID: 8746432715231445446, guid: dafc9adbe4d99dc4c9fdb89364c6ee54, type: 3}
  m_PrefabInstance: {fileID: 8746432715677268410}
  m_PrefabAsset: {fileID: 0}
--- !u!114 &313995490
MonoBehaviour:
  m_ObjectHideFlags: 0
  m_CorrespondingSourceObject: {fileID: 0}
  m_PrefabInstance: {fileID: 0}
  m_PrefabAsset: {fileID: 0}
  m_GameObject: {fileID: 313995489}
  m_Enabled: 1
  m_EditorHideFlags: 0
  m_Script: {fileID: 11500000, guid: 72ece51f2901e7445ab60da3685d6b5f, type: 3}
  m_Name: 
  m_EditorClassIdentifier: 
  m_ShowDebugText: 0
  m_ShowCameraFrustum: 1
  m_IgnoreTimeScale: 0
  m_WorldUpOverride: {fileID: 0}
  m_UpdateMethod: 2
  m_BlendUpdateMethod: 1
  m_DefaultBlend:
    m_Style: 1
    m_Time: 2
    m_CustomCurve:
      serializedVersion: 2
      m_Curve: []
      m_PreInfinity: 2
      m_PostInfinity: 2
      m_RotationOrder: 4
  m_CustomBlends: {fileID: 0}
  m_CameraCutEvent:
    m_PersistentCalls:
      m_Calls: []
  m_CameraActivatedEvent:
    m_PersistentCalls:
      m_Calls: []
--- !u!1 &334677870
GameObject:
  m_ObjectHideFlags: 0
  m_CorrespondingSourceObject: {fileID: 0}
  m_PrefabInstance: {fileID: 0}
  m_PrefabAsset: {fileID: 0}
  serializedVersion: 6
  m_Component:
  - component: {fileID: 334677871}
  - component: {fileID: 334677873}
  - component: {fileID: 334677872}
  m_Layer: 0
  m_Name: Ground
  m_TagString: Untagged
  m_Icon: {fileID: 0}
  m_NavMeshLayer: 0
  m_StaticEditorFlags: 0
  m_IsActive: 1
--- !u!4 &334677871
Transform:
  m_ObjectHideFlags: 0
  m_CorrespondingSourceObject: {fileID: 0}
  m_PrefabInstance: {fileID: 0}
  m_PrefabAsset: {fileID: 0}
  m_GameObject: {fileID: 334677870}
  m_LocalRotation: {x: -0, y: -0, z: -0, w: 1}
  m_LocalPosition: {x: 0, y: 0, z: 0}
  m_LocalScale: {x: 1, y: 1, z: 1}
  m_Children: []
  m_Father: {fileID: 59220799}
  m_RootOrder: 0
  m_LocalEulerAnglesHint: {x: 0, y: 0, z: 0}
--- !u!483693784 &334677872
TilemapRenderer:
  m_ObjectHideFlags: 0
  m_CorrespondingSourceObject: {fileID: 0}
  m_PrefabInstance: {fileID: 0}
  m_PrefabAsset: {fileID: 0}
  m_GameObject: {fileID: 334677870}
  m_Enabled: 1
  m_CastShadows: 0
  m_ReceiveShadows: 0
  m_DynamicOccludee: 1
  m_MotionVectors: 1
  m_LightProbeUsage: 0
  m_ReflectionProbeUsage: 0
  m_RayTracingMode: 0
  m_RayTraceProcedural: 0
  m_RenderingLayerMask: 1
  m_RendererPriority: 0
  m_Materials:
  - {fileID: 10754, guid: 0000000000000000f000000000000000, type: 0}
  m_StaticBatchInfo:
    firstSubMesh: 0
    subMeshCount: 0
  m_StaticBatchRoot: {fileID: 0}
  m_ProbeAnchor: {fileID: 0}
  m_LightProbeVolumeOverride: {fileID: 0}
  m_ScaleInLightmap: 1
  m_ReceiveGI: 1
  m_PreserveUVs: 0
  m_IgnoreNormalsForChartDetection: 0
  m_ImportantGI: 0
  m_StitchLightmapSeams: 1
  m_SelectedEditorRenderState: 0
  m_MinimumChartSize: 4
  m_AutoUVMaxDistance: 0.5
  m_AutoUVMaxAngle: 89
  m_LightmapParameters: {fileID: 0}
  m_SortingLayerID: 0
  m_SortingLayer: 0
  m_SortingOrder: 0
  m_ChunkSize: {x: 32, y: 32, z: 32}
  m_ChunkCullingBounds: {x: 0, y: 0, z: 0}
  m_MaxChunkCount: 16
  m_MaxFrameAge: 16
  m_SortOrder: 0
  m_Mode: 0
  m_DetectChunkCullingBounds: 0
  m_MaskInteraction: 0
--- !u!1839735485 &334677873
Tilemap:
  m_ObjectHideFlags: 0
  m_CorrespondingSourceObject: {fileID: 0}
  m_PrefabInstance: {fileID: 0}
  m_PrefabAsset: {fileID: 0}
  m_GameObject: {fileID: 334677870}
  m_Enabled: 1
  m_Tiles: {}
  m_AnimatedTiles: {}
  m_TileAssetArray: []
  m_TileSpriteArray: []
  m_TileMatrixArray: []
  m_TileColorArray: []
  m_TileObjectToInstantiateArray: []
  m_AnimationFrameRate: 1
  m_Color: {r: 1, g: 1, b: 1, a: 1}
  m_Origin: {x: 0, y: 0, z: 0}
  m_Size: {x: 0, y: 0, z: 1}
  m_TileAnchor: {x: 0.5, y: 0.5, z: 0}
  m_TileOrientation: 0
  m_TileOrientationMatrix:
    e00: 1
    e01: 0
    e02: 0
    e03: 0
    e10: 0
    e11: 1
    e12: 0
    e13: 0
    e20: 0
    e21: 0
    e22: 1
    e23: 0
    e30: 0
    e31: 0
    e32: 0
    e33: 1
--- !u!1 &708660133
GameObject:
  m_ObjectHideFlags: 0
  m_CorrespondingSourceObject: {fileID: 0}
  m_PrefabInstance: {fileID: 0}
  m_PrefabAsset: {fileID: 0}
  serializedVersion: 6
  m_Component:
  - component: {fileID: 708660137}
  - component: {fileID: 708660136}
  - component: {fileID: 708660135}
  - component: {fileID: 708660134}
  m_Layer: 5
  m_Name: Canvas
  m_TagString: Untagged
  m_Icon: {fileID: 0}
  m_NavMeshLayer: 0
  m_StaticEditorFlags: 0
  m_IsActive: 1
--- !u!114 &708660134
MonoBehaviour:
  m_ObjectHideFlags: 0
  m_CorrespondingSourceObject: {fileID: 0}
  m_PrefabInstance: {fileID: 0}
  m_PrefabAsset: {fileID: 0}
  m_GameObject: {fileID: 708660133}
  m_Enabled: 1
  m_EditorHideFlags: 0
  m_Script: {fileID: 11500000, guid: dc42784cf147c0c48a680349fa168899, type: 3}
  m_Name: 
  m_EditorClassIdentifier: 
  m_IgnoreReversedGraphics: 1
  m_BlockingObjects: 0
  m_BlockingMask:
    serializedVersion: 2
    m_Bits: 4294967295
--- !u!114 &708660135
MonoBehaviour:
  m_ObjectHideFlags: 0
  m_CorrespondingSourceObject: {fileID: 0}
  m_PrefabInstance: {fileID: 0}
  m_PrefabAsset: {fileID: 0}
  m_GameObject: {fileID: 708660133}
  m_Enabled: 1
  m_EditorHideFlags: 0
  m_Script: {fileID: 11500000, guid: 0cd44c1031e13a943bb63640046fad76, type: 3}
  m_Name: 
  m_EditorClassIdentifier: 
  m_UiScaleMode: 1
  m_ReferencePixelsPerUnit: 100
  m_ScaleFactor: 1
  m_ReferenceResolution: {x: 1920, y: 1080}
  m_ScreenMatchMode: 0
  m_MatchWidthOrHeight: 0
  m_PhysicalUnit: 3
  m_FallbackScreenDPI: 96
  m_DefaultSpriteDPI: 96
  m_DynamicPixelsPerUnit: 1
--- !u!223 &708660136
Canvas:
  m_ObjectHideFlags: 0
  m_CorrespondingSourceObject: {fileID: 0}
  m_PrefabInstance: {fileID: 0}
  m_PrefabAsset: {fileID: 0}
  m_GameObject: {fileID: 708660133}
  m_Enabled: 1
  serializedVersion: 3
  m_RenderMode: 0
  m_Camera: {fileID: 0}
  m_PlaneDistance: 100
  m_PixelPerfect: 0
  m_ReceivesEvents: 1
  m_OverrideSorting: 0
  m_OverridePixelPerfect: 0
  m_SortingBucketNormalizedSize: 0
  m_AdditionalShaderChannelsFlag: 0
  m_SortingLayerID: 0
  m_SortingOrder: 0
  m_TargetDisplay: 0
--- !u!224 &708660137
RectTransform:
  m_ObjectHideFlags: 0
  m_CorrespondingSourceObject: {fileID: 0}
  m_PrefabInstance: {fileID: 0}
  m_PrefabAsset: {fileID: 0}
  m_GameObject: {fileID: 708660133}
  m_LocalRotation: {x: 0, y: 0, z: 0, w: 1}
  m_LocalPosition: {x: 0, y: 0, z: 0}
  m_LocalScale: {x: 0, y: 0, z: 0}
  m_Children:
  - {fileID: 1010885108}
  - {fileID: 1844093962}
  m_Father: {fileID: 0}
  m_RootOrder: 4
  m_LocalEulerAnglesHint: {x: 0, y: 0, z: 0}
  m_AnchorMin: {x: 0, y: 0}
  m_AnchorMax: {x: 0, y: 0}
  m_AnchoredPosition: {x: 0, y: 0}
  m_SizeDelta: {x: 0, y: 0}
  m_Pivot: {x: 0, y: 0}
--- !u!1 &776664179 stripped
GameObject:
  m_CorrespondingSourceObject: {fileID: 8795730192237580353, guid: 8e696e964dd26344b8f248da2409893f, type: 3}
  m_PrefabInstance: {fileID: 8795730192444310555}
  m_PrefabAsset: {fileID: 0}
--- !u!114 &776664182
MonoBehaviour:
  m_ObjectHideFlags: 0
  m_CorrespondingSourceObject: {fileID: 0}
  m_PrefabInstance: {fileID: 0}
  m_PrefabAsset: {fileID: 0}
  m_GameObject: {fileID: 776664179}
  m_Enabled: 1
  m_EditorHideFlags: 0
  m_Script: {fileID: 11500000, guid: 2465412a3ea97314a988d07224aa12ad, type: 3}
  m_Name: 
  m_EditorClassIdentifier: 
--- !u!61 &776664183
BoxCollider2D:
  m_ObjectHideFlags: 0
  m_CorrespondingSourceObject: {fileID: 0}
  m_PrefabInstance: {fileID: 0}
  m_PrefabAsset: {fileID: 0}
  m_GameObject: {fileID: 776664179}
  m_Enabled: 1
  m_Density: 1
  m_Material: {fileID: 0}
  m_IsTrigger: 1
  m_UsedByEffector: 0
  m_UsedByComposite: 0
  m_Offset: {x: 0, y: 0}
  m_SpriteTilingProperty:
    border: {x: 0, y: 0, z: 0, w: 0}
    pivot: {x: 0.5, y: 0.5}
    oldSize: {x: 1, y: 1}
    newSize: {x: 0.16, y: 0.16}
    adaptiveTilingThreshold: 0.5
    drawMode: 0
    adaptiveTiling: 0
  m_AutoTiling: 0
  serializedVersion: 2
  m_Size: {x: 2, y: 2}
  m_EdgeRadius: 0
--- !u!1001 &780620028
PrefabInstance:
  m_ObjectHideFlags: 0
  serializedVersion: 2
  m_Modification:
    m_TransformParent: {fileID: 0}
    m_Modifications:
    - target: {fileID: -2652675409259954030, guid: a8fd629d0eb7e0a468dae47367e18207, type: 3}
      propertyPath: m_Name
      value: devWorld
      objectReference: {fileID: 0}
    - target: {fileID: -1283718479315045484, guid: a8fd629d0eb7e0a468dae47367e18207, type: 3}
      propertyPath: m_Layer
      value: 9
      objectReference: {fileID: 0}
    - target: {fileID: 194080265150656058, guid: a8fd629d0eb7e0a468dae47367e18207, type: 3}
      propertyPath: m_Layer
      value: 4
      objectReference: {fileID: 0}
    - target: {fileID: 5275879422705804598, guid: a8fd629d0eb7e0a468dae47367e18207, type: 3}
      propertyPath: m_LocalPosition.x
      value: 0
      objectReference: {fileID: 0}
    - target: {fileID: 5275879422705804598, guid: a8fd629d0eb7e0a468dae47367e18207, type: 3}
      propertyPath: m_LocalPosition.y
      value: 0
      objectReference: {fileID: 0}
    - target: {fileID: 5275879422705804598, guid: a8fd629d0eb7e0a468dae47367e18207, type: 3}
      propertyPath: m_LocalPosition.z
      value: 0
      objectReference: {fileID: 0}
    - target: {fileID: 5275879422705804598, guid: a8fd629d0eb7e0a468dae47367e18207, type: 3}
      propertyPath: m_LocalRotation.x
      value: 0
      objectReference: {fileID: 0}
    - target: {fileID: 5275879422705804598, guid: a8fd629d0eb7e0a468dae47367e18207, type: 3}
      propertyPath: m_LocalRotation.y
      value: 0
      objectReference: {fileID: 0}
    - target: {fileID: 5275879422705804598, guid: a8fd629d0eb7e0a468dae47367e18207, type: 3}
      propertyPath: m_LocalRotation.z
      value: 0
      objectReference: {fileID: 0}
    - target: {fileID: 5275879422705804598, guid: a8fd629d0eb7e0a468dae47367e18207, type: 3}
      propertyPath: m_LocalRotation.w
      value: 1
      objectReference: {fileID: 0}
    - target: {fileID: 5275879422705804598, guid: a8fd629d0eb7e0a468dae47367e18207, type: 3}
      propertyPath: m_RootOrder
      value: 1
      objectReference: {fileID: 0}
    - target: {fileID: 5275879422705804598, guid: a8fd629d0eb7e0a468dae47367e18207, type: 3}
      propertyPath: m_LocalEulerAnglesHint.x
      value: 0
      objectReference: {fileID: 0}
    - target: {fileID: 5275879422705804598, guid: a8fd629d0eb7e0a468dae47367e18207, type: 3}
      propertyPath: m_LocalEulerAnglesHint.y
      value: 0
      objectReference: {fileID: 0}
    - target: {fileID: 5275879422705804598, guid: a8fd629d0eb7e0a468dae47367e18207, type: 3}
      propertyPath: m_LocalEulerAnglesHint.z
      value: 0
      objectReference: {fileID: 0}
    m_RemovedComponents: []
  m_SourcePrefab: {fileID: -2695619058785784247, guid: a8fd629d0eb7e0a468dae47367e18207, type: 3}
--- !u!1 &891589558
GameObject:
  m_ObjectHideFlags: 0
  m_CorrespondingSourceObject: {fileID: 0}
  m_PrefabInstance: {fileID: 0}
  m_PrefabAsset: {fileID: 0}
  serializedVersion: 6
  m_Component:
  - component: {fileID: 891589559}
  - component: {fileID: 891589561}
  - component: {fileID: 891589560}
  m_Layer: 0
  m_Name: Collision
  m_TagString: Untagged
  m_Icon: {fileID: 0}
  m_NavMeshLayer: 0
  m_StaticEditorFlags: 0
  m_IsActive: 1
--- !u!4 &891589559
Transform:
  m_ObjectHideFlags: 0
  m_CorrespondingSourceObject: {fileID: 0}
  m_PrefabInstance: {fileID: 0}
  m_PrefabAsset: {fileID: 0}
  m_GameObject: {fileID: 891589558}
  m_LocalRotation: {x: -0, y: -0, z: -0, w: 1}
  m_LocalPosition: {x: 0, y: 0, z: 0}
  m_LocalScale: {x: 1, y: 1, z: 1}
  m_Children: []
  m_Father: {fileID: 59220799}
  m_RootOrder: 1
  m_LocalEulerAnglesHint: {x: 0, y: 0, z: 0}
--- !u!483693784 &891589560
TilemapRenderer:
  m_ObjectHideFlags: 0
  m_CorrespondingSourceObject: {fileID: 0}
  m_PrefabInstance: {fileID: 0}
  m_PrefabAsset: {fileID: 0}
  m_GameObject: {fileID: 891589558}
  m_Enabled: 1
  m_CastShadows: 0
  m_ReceiveShadows: 0
  m_DynamicOccludee: 1
  m_MotionVectors: 1
  m_LightProbeUsage: 0
  m_ReflectionProbeUsage: 0
  m_RayTracingMode: 0
  m_RayTraceProcedural: 0
  m_RenderingLayerMask: 1
  m_RendererPriority: 0
  m_Materials:
  - {fileID: 10754, guid: 0000000000000000f000000000000000, type: 0}
  m_StaticBatchInfo:
    firstSubMesh: 0
    subMeshCount: 0
  m_StaticBatchRoot: {fileID: 0}
  m_ProbeAnchor: {fileID: 0}
  m_LightProbeVolumeOverride: {fileID: 0}
  m_ScaleInLightmap: 1
  m_ReceiveGI: 1
  m_PreserveUVs: 0
  m_IgnoreNormalsForChartDetection: 0
  m_ImportantGI: 0
  m_StitchLightmapSeams: 1
  m_SelectedEditorRenderState: 0
  m_MinimumChartSize: 4
  m_AutoUVMaxDistance: 0.5
  m_AutoUVMaxAngle: 89
  m_LightmapParameters: {fileID: 0}
  m_SortingLayerID: 0
  m_SortingLayer: 0
  m_SortingOrder: 0
  m_ChunkSize: {x: 32, y: 32, z: 32}
  m_ChunkCullingBounds: {x: 0, y: 0, z: 0}
  m_MaxChunkCount: 16
  m_MaxFrameAge: 16
  m_SortOrder: 0
  m_Mode: 0
  m_DetectChunkCullingBounds: 0
  m_MaskInteraction: 0
--- !u!1839735485 &891589561
Tilemap:
  m_ObjectHideFlags: 0
  m_CorrespondingSourceObject: {fileID: 0}
  m_PrefabInstance: {fileID: 0}
  m_PrefabAsset: {fileID: 0}
  m_GameObject: {fileID: 891589558}
  m_Enabled: 1
  m_Tiles: {}
  m_AnimatedTiles: {}
  m_TileAssetArray: []
  m_TileSpriteArray: []
  m_TileMatrixArray: []
  m_TileColorArray: []
  m_TileObjectToInstantiateArray: []
  m_AnimationFrameRate: 1
  m_Color: {r: 1, g: 1, b: 1, a: 1}
  m_Origin: {x: 0, y: 0, z: 0}
  m_Size: {x: 0, y: 0, z: 1}
  m_TileAnchor: {x: 0.5, y: 0.5, z: 0}
  m_TileOrientation: 0
  m_TileOrientationMatrix:
    e00: 1
    e01: 0
    e02: 0
    e03: 0
    e10: 0
    e11: 1
    e12: 0
    e13: 0
    e20: 0
    e21: 0
    e22: 1
    e23: 0
    e30: 0
    e31: 0
    e32: 0
    e33: 1
--- !u!1 &1010885107
GameObject:
  m_ObjectHideFlags: 0
  m_CorrespondingSourceObject: {fileID: 0}
  m_PrefabInstance: {fileID: 0}
  m_PrefabAsset: {fileID: 0}
  serializedVersion: 6
  m_Component:
  - component: {fileID: 1010885108}
  - component: {fileID: 1010885111}
  - component: {fileID: 1010885110}
  - component: {fileID: 1010885109}
  m_Layer: 5
  m_Name: Text
  m_TagString: Untagged
  m_Icon: {fileID: 0}
  m_NavMeshLayer: 0
  m_StaticEditorFlags: 0
  m_IsActive: 0
--- !u!224 &1010885108
RectTransform:
  m_ObjectHideFlags: 0
  m_CorrespondingSourceObject: {fileID: 0}
  m_PrefabInstance: {fileID: 0}
  m_PrefabAsset: {fileID: 0}
  m_GameObject: {fileID: 1010885107}
  m_LocalRotation: {x: 0, y: 0, z: 0, w: 1}
  m_LocalPosition: {x: 0, y: 0, z: 0}
  m_LocalScale: {x: 1, y: 1, z: 1}
  m_Children: []
  m_Father: {fileID: 708660137}
  m_RootOrder: 0
  m_LocalEulerAnglesHint: {x: 0, y: 0, z: 0}
  m_AnchorMin: {x: 0.5, y: 0.5}
  m_AnchorMax: {x: 0.5, y: 0.5}
  m_AnchoredPosition: {x: -597, y: 469.72}
  m_SizeDelta: {x: 569.8659, y: 140.56595}
  m_Pivot: {x: 0.5, y: 0.5}
--- !u!114 &1010885109
MonoBehaviour:
  m_ObjectHideFlags: 0
  m_CorrespondingSourceObject: {fileID: 0}
  m_PrefabInstance: {fileID: 0}
  m_PrefabAsset: {fileID: 0}
  m_GameObject: {fileID: 1010885107}
  m_Enabled: 1
  m_EditorHideFlags: 0
  m_Script: {fileID: 11500000, guid: e19747de3f5aca642ab2be37e372fb86, type: 3}
  m_Name: 
  m_EditorClassIdentifier: 
  m_EffectColor: {r: 0, g: 0, b: 0, a: 0.9843137}
  m_EffectDistance: {x: 2, y: 2}
  m_UseGraphicAlpha: 1
--- !u!114 &1010885110
MonoBehaviour:
  m_ObjectHideFlags: 0
  m_CorrespondingSourceObject: {fileID: 0}
  m_PrefabInstance: {fileID: 0}
  m_PrefabAsset: {fileID: 0}
  m_GameObject: {fileID: 1010885107}
  m_Enabled: 1
  m_EditorHideFlags: 0
  m_Script: {fileID: 11500000, guid: 5f7201a12d95ffc409449d95f23cf332, type: 3}
  m_Name: 
  m_EditorClassIdentifier: 
  m_Material: {fileID: 0}
  m_Color: {r: 1, g: 1, b: 1, a: 1}
  m_RaycastTarget: 1
  m_RaycastPadding: {x: 0, y: 0, z: 0, w: 0}
  m_Maskable: 1
  m_OnCullStateChanged:
    m_PersistentCalls:
      m_Calls: []
  m_FontData:
    m_Font: {fileID: 12800000, guid: 673c0396c4d40ae47be2a0da3ac34d49, type: 3}
    m_FontSize: 50
    m_FontStyle: 0
    m_BestFit: 0
    m_MinSize: 5
    m_MaxSize: 50
    m_Alignment: 3
    m_AlignByGeometry: 0
    m_RichText: 1
    m_HorizontalOverflow: 0
    m_VerticalOverflow: 0
    m_LineSpacing: 10
  m_Text: 'Place Name







'
--- !u!222 &1010885111
CanvasRenderer:
  m_ObjectHideFlags: 0
  m_CorrespondingSourceObject: {fileID: 0}
  m_PrefabInstance: {fileID: 0}
  m_PrefabAsset: {fileID: 0}
  m_GameObject: {fileID: 1010885107}
  m_CullTransparentMesh: 0
--- !u!1 &1071146730
GameObject:
  m_ObjectHideFlags: 0
  m_CorrespondingSourceObject: {fileID: 0}
  m_PrefabInstance: {fileID: 0}
  m_PrefabAsset: {fileID: 0}
  serializedVersion: 6
  m_Component:
  - component: {fileID: 1071146733}
  - component: {fileID: 1071146732}
  - component: {fileID: 1071146731}
  m_Layer: 5
  m_Name: Text
  m_TagString: Untagged
  m_Icon: {fileID: 0}
  m_NavMeshLayer: 0
  m_StaticEditorFlags: 0
  m_IsActive: 1
--- !u!114 &1071146731
MonoBehaviour:
  m_ObjectHideFlags: 0
  m_CorrespondingSourceObject: {fileID: 0}
  m_PrefabInstance: {fileID: 0}
  m_PrefabAsset: {fileID: 0}
  m_GameObject: {fileID: 1071146730}
  m_Enabled: 1
  m_EditorHideFlags: 0
  m_Script: {fileID: 11500000, guid: 5f7201a12d95ffc409449d95f23cf332, type: 3}
  m_Name: 
  m_EditorClassIdentifier: 
  m_Material: {fileID: 0}
  m_Color: {r: 0.19607843, g: 0.19607843, b: 0.19607843, a: 1}
  m_RaycastTarget: 1
  m_RaycastPadding: {x: 0, y: 0, z: 0, w: 0}
  m_Maskable: 1
  m_OnCullStateChanged:
    m_PersistentCalls:
      m_Calls: []
  m_FontData:
    m_Font: {fileID: 10102, guid: 0000000000000000e000000000000000, type: 0}
    m_FontSize: 60
    m_FontStyle: 0
    m_BestFit: 0
    m_MinSize: 0
    m_MaxSize: 300
    m_Alignment: 0
    m_AlignByGeometry: 0
    m_RichText: 1
    m_HorizontalOverflow: 0
    m_VerticalOverflow: 0
    m_LineSpacing: 1
  m_Text: Dialog
--- !u!222 &1071146732
CanvasRenderer:
  m_ObjectHideFlags: 0
  m_CorrespondingSourceObject: {fileID: 0}
  m_PrefabInstance: {fileID: 0}
  m_PrefabAsset: {fileID: 0}
  m_GameObject: {fileID: 1071146730}
  m_CullTransparentMesh: 0
--- !u!224 &1071146733
RectTransform:
  m_ObjectHideFlags: 0
  m_CorrespondingSourceObject: {fileID: 0}
  m_PrefabInstance: {fileID: 0}
  m_PrefabAsset: {fileID: 0}
  m_GameObject: {fileID: 1071146730}
  m_LocalRotation: {x: 0, y: 0, z: 0, w: 1}
  m_LocalPosition: {x: 0, y: 0, z: 0}
  m_LocalScale: {x: 1, y: 1, z: 1}
  m_Children: []
  m_Father: {fileID: 1844093962}
  m_RootOrder: 0
  m_LocalEulerAnglesHint: {x: 0, y: 0, z: 0}
  m_AnchorMin: {x: 0.5, y: 0.5}
  m_AnchorMax: {x: 0.5, y: 0.5}
  m_AnchoredPosition: {x: 1.3, y: 7.5}
  m_SizeDelta: {x: 1523.2595, y: 373.07263}
  m_Pivot: {x: 0.5, y: 0.5}
--- !u!1 &1212324660
GameObject:
  m_ObjectHideFlags: 0
  m_CorrespondingSourceObject: {fileID: 0}
  m_PrefabInstance: {fileID: 0}
  m_PrefabAsset: {fileID: 0}
  serializedVersion: 6
  m_Component:
  - component: {fileID: 1212324663}
  - component: {fileID: 1212324662}
  - component: {fileID: 1212324661}
  m_Layer: 0
  m_Name: EventSystem
  m_TagString: Untagged
  m_Icon: {fileID: 0}
  m_NavMeshLayer: 0
  m_StaticEditorFlags: 0
  m_IsActive: 1
--- !u!114 &1212324661
MonoBehaviour:
  m_ObjectHideFlags: 0
  m_CorrespondingSourceObject: {fileID: 0}
  m_PrefabInstance: {fileID: 0}
  m_PrefabAsset: {fileID: 0}
  m_GameObject: {fileID: 1212324660}
  m_Enabled: 1
  m_EditorHideFlags: 0
  m_Script: {fileID: 11500000, guid: 4f231c4fb786f3946a6b90b886c48677, type: 3}
  m_Name: 
  m_EditorClassIdentifier: 
  m_HorizontalAxis: Horizontal
  m_VerticalAxis: Vertical
  m_SubmitButton: Submit
  m_CancelButton: Cancel
  m_InputActionsPerSecond: 10
  m_RepeatDelay: 0.5
  m_ForceModuleActive: 0
--- !u!114 &1212324662
MonoBehaviour:
  m_ObjectHideFlags: 0
  m_CorrespondingSourceObject: {fileID: 0}
  m_PrefabInstance: {fileID: 0}
  m_PrefabAsset: {fileID: 0}
  m_GameObject: {fileID: 1212324660}
  m_Enabled: 1
  m_EditorHideFlags: 0
  m_Script: {fileID: 11500000, guid: 76c392e42b5098c458856cdf6ecaaaa1, type: 3}
  m_Name: 
  m_EditorClassIdentifier: 
  m_FirstSelected: {fileID: 0}
  m_sendNavigationEvents: 1
  m_DragThreshold: 10
--- !u!4 &1212324663
Transform:
  m_ObjectHideFlags: 0
  m_CorrespondingSourceObject: {fileID: 0}
  m_PrefabInstance: {fileID: 0}
  m_PrefabAsset: {fileID: 0}
  m_GameObject: {fileID: 1212324660}
  m_LocalRotation: {x: 0, y: 0, z: 0, w: 1}
  m_LocalPosition: {x: 0, y: 0, z: 0}
  m_LocalScale: {x: 1, y: 1, z: 1}
  m_Children: []
  m_Father: {fileID: 0}
  m_RootOrder: 5
  m_LocalEulerAnglesHint: {x: 0, y: 0, z: 0}
--- !u!1 &1805695384
GameObject:
  m_ObjectHideFlags: 3
  m_CorrespondingSourceObject: {fileID: 0}
  m_PrefabInstance: {fileID: 0}
  m_PrefabAsset: {fileID: 0}
  serializedVersion: 6
  m_Component:
  - component: {fileID: 1805695385}
  - component: {fileID: 1805695387}
  - component: {fileID: 1805695386}
  m_Layer: 0
  m_Name: cm
  m_TagString: Untagged
  m_Icon: {fileID: 0}
  m_NavMeshLayer: 0
  m_StaticEditorFlags: 0
  m_IsActive: 1
--- !u!4 &1805695385
Transform:
  m_ObjectHideFlags: 3
  m_CorrespondingSourceObject: {fileID: 0}
  m_PrefabInstance: {fileID: 0}
  m_PrefabAsset: {fileID: 0}
  m_GameObject: {fileID: 1805695384}
  m_LocalRotation: {x: -0, y: -0, z: -0, w: 1}
  m_LocalPosition: {x: -3.5179622, y: -2.8650677, z: 50.997353}
  m_LocalScale: {x: 1, y: 1, z: 1}
  m_Children: []
  m_Father: {fileID: 141539364}
  m_RootOrder: 0
  m_LocalEulerAnglesHint: {x: 0, y: 0, z: 0}
--- !u!114 &1805695386
MonoBehaviour:
  m_ObjectHideFlags: 3
  m_CorrespondingSourceObject: {fileID: 0}
  m_PrefabInstance: {fileID: 0}
  m_PrefabAsset: {fileID: 0}
  m_GameObject: {fileID: 1805695384}
  m_Enabled: 1
  m_EditorHideFlags: 0
  m_Script: {fileID: 11500000, guid: 6ad980451443d70438faac0bc6c235a0, type: 3}
  m_Name: 
  m_EditorClassIdentifier: 
  m_TrackedObjectOffset: {x: 0, y: 0, z: 0}
  m_LookaheadTime: 0
  m_LookaheadSmoothing: 0
  m_LookaheadIgnoreY: 0
  m_XDamping: 1
  m_YDamping: 1
  m_ZDamping: 1
  m_TargetMovementOnly: 1
  m_ScreenX: 0.5
  m_ScreenY: 0.5
  m_CameraDistance: 10
  m_DeadZoneWidth: 0.17
  m_DeadZoneHeight: 0.179
  m_DeadZoneDepth: 0
  m_UnlimitedSoftZone: 0
  m_SoftZoneWidth: 1.006
  m_SoftZoneHeight: 0.8
  m_BiasX: 0
  m_BiasY: 0
  m_CenterOnActivate: 1
  m_GroupFramingMode: 2
  m_AdjustmentMode: 0
  m_GroupFramingSize: 0.8
  m_MaxDollyIn: 5000
  m_MaxDollyOut: 5000
  m_MinimumDistance: 1
  m_MaximumDistance: 5000
  m_MinimumFOV: 3
  m_MaximumFOV: 60
  m_MinimumOrthoSize: 1
  m_MaximumOrthoSize: 5000
--- !u!114 &1805695387
MonoBehaviour:
  m_ObjectHideFlags: 3
  m_CorrespondingSourceObject: {fileID: 0}
  m_PrefabInstance: {fileID: 0}
  m_PrefabAsset: {fileID: 0}
  m_GameObject: {fileID: 1805695384}
  m_Enabled: 1
  m_EditorHideFlags: 0
  m_Script: {fileID: 11500000, guid: ac0b09e7857660247b1477e93731de29, type: 3}
  m_Name: 
  m_EditorClassIdentifier: 
--- !u!1 &1844093961
GameObject:
  m_ObjectHideFlags: 0
  m_CorrespondingSourceObject: {fileID: 0}
  m_PrefabInstance: {fileID: 0}
  m_PrefabAsset: {fileID: 0}
  serializedVersion: 6
  m_Component:
  - component: {fileID: 1844093962}
  - component: {fileID: 1844093964}
  - component: {fileID: 1844093963}
  m_Layer: 5
  m_Name: Dialogbox
  m_TagString: Untagged
  m_Icon: {fileID: 0}
  m_NavMeshLayer: 0
  m_StaticEditorFlags: 0
  m_IsActive: 0
--- !u!224 &1844093962
RectTransform:
  m_ObjectHideFlags: 0
  m_CorrespondingSourceObject: {fileID: 0}
  m_PrefabInstance: {fileID: 0}
  m_PrefabAsset: {fileID: 0}
  m_GameObject: {fileID: 1844093961}
  m_LocalRotation: {x: 0, y: 0, z: 0, w: 1}
  m_LocalPosition: {x: 0, y: 0, z: 0}
  m_LocalScale: {x: 1, y: 1, z: 1}
  m_Children:
  - {fileID: 1071146733}
  m_Father: {fileID: 708660137}
  m_RootOrder: 1
  m_LocalEulerAnglesHint: {x: 0, y: 0, z: 0}
  m_AnchorMin: {x: 0.5, y: 0}
  m_AnchorMax: {x: 0.5, y: 0}
  m_AnchoredPosition: {x: -0.000015258789, y: 267}
  m_SizeDelta: {x: 1659.4648, y: 447.37134}
  m_Pivot: {x: 0.5, y: 0.5}
--- !u!114 &1844093963
MonoBehaviour:
  m_ObjectHideFlags: 0
  m_CorrespondingSourceObject: {fileID: 0}
  m_PrefabInstance: {fileID: 0}
  m_PrefabAsset: {fileID: 0}
  m_GameObject: {fileID: 1844093961}
  m_Enabled: 1
  m_EditorHideFlags: 0
  m_Script: {fileID: 11500000, guid: fe87c0e1cc204ed48ad3b37840f39efc, type: 3}
  m_Name: 
  m_EditorClassIdentifier: 
  m_Material: {fileID: 0}
  m_Color: {r: 1, g: 1, b: 1, a: 1}
  m_RaycastTarget: 1
  m_RaycastPadding: {x: 0, y: 0, z: 0, w: 0}
  m_Maskable: 1
  m_OnCullStateChanged:
    m_PersistentCalls:
      m_Calls: []
  m_Sprite: {fileID: 6047981793563322428, guid: cb04a92fda6ad3d419ce6b67d726a7e1, type: 3}
  m_Type: 1
  m_PreserveAspect: 0
  m_FillCenter: 1
  m_FillMethod: 4
  m_FillAmount: 1
  m_FillClockwise: 1
  m_FillOrigin: 0
  m_UseSpriteMesh: 0
  m_PixelsPerUnitMultiplier: 1
--- !u!222 &1844093964
CanvasRenderer:
  m_ObjectHideFlags: 0
  m_CorrespondingSourceObject: {fileID: 0}
  m_PrefabInstance: {fileID: 0}
  m_PrefabAsset: {fileID: 0}
  m_GameObject: {fileID: 1844093961}
  m_CullTransparentMesh: 0
--- !u!1 &2012382204
GameObject:
  m_ObjectHideFlags: 0
  m_CorrespondingSourceObject: {fileID: 0}
  m_PrefabInstance: {fileID: 0}
  m_PrefabAsset: {fileID: 0}
  serializedVersion: 6
  m_Component:
  - component: {fileID: 2012382207}
  - component: {fileID: 2012382206}
  - component: {fileID: 2012382205}
  - component: {fileID: 2012382209}
  - component: {fileID: 2012382208}
  - component: {fileID: 2012382210}
  - component: {fileID: 2012382211}
  - component: {fileID: 2012382212}
  m_Layer: 0
  m_Name: EnemyPrefab
  m_TagString: Untagged
  m_Icon: {fileID: 0}
  m_NavMeshLayer: 0
  m_StaticEditorFlags: 0
  m_IsActive: 1
--- !u!50 &2012382205
Rigidbody2D:
  serializedVersion: 4
  m_ObjectHideFlags: 0
  m_CorrespondingSourceObject: {fileID: 0}
  m_PrefabInstance: {fileID: 0}
  m_PrefabAsset: {fileID: 0}
  m_GameObject: {fileID: 2012382204}
  m_BodyType: 0
  m_Simulated: 1
  m_UseFullKinematicContacts: 0
  m_UseAutoMass: 0
  m_Mass: 1
  m_LinearDrag: 0
  m_AngularDrag: 0.05
  m_GravityScale: 0
  m_Material: {fileID: 0}
  m_Interpolate: 0
  m_SleepingMode: 1
  m_CollisionDetection: 0
  m_Constraints: 4
--- !u!212 &2012382206
SpriteRenderer:
  m_ObjectHideFlags: 0
  m_CorrespondingSourceObject: {fileID: 0}
  m_PrefabInstance: {fileID: 0}
  m_PrefabAsset: {fileID: 0}
  m_GameObject: {fileID: 2012382204}
  m_Enabled: 1
  m_CastShadows: 0
  m_ReceiveShadows: 0
  m_DynamicOccludee: 1
  m_MotionVectors: 1
  m_LightProbeUsage: 1
  m_ReflectionProbeUsage: 1
  m_RayTracingMode: 0
  m_RayTraceProcedural: 0
  m_RenderingLayerMask: 1
  m_RendererPriority: 0
  m_Materials:
  - {fileID: 10754, guid: 0000000000000000f000000000000000, type: 0}
  m_StaticBatchInfo:
    firstSubMesh: 0
    subMeshCount: 0
  m_StaticBatchRoot: {fileID: 0}
  m_ProbeAnchor: {fileID: 0}
  m_LightProbeVolumeOverride: {fileID: 0}
  m_ScaleInLightmap: 1
  m_ReceiveGI: 1
  m_PreserveUVs: 0
  m_IgnoreNormalsForChartDetection: 0
  m_ImportantGI: 0
  m_StitchLightmapSeams: 1
  m_SelectedEditorRenderState: 0
  m_MinimumChartSize: 4
  m_AutoUVMaxDistance: 0.5
  m_AutoUVMaxAngle: 89
  m_LightmapParameters: {fileID: 0}
  m_SortingLayerID: 745020657
  m_SortingLayer: 2
  m_SortingOrder: 1
  m_Sprite: {fileID: -2311659948842064771, guid: 952440fe2ea70354e8830b8d523212b8, type: 3}
  m_Color: {r: 1, g: 1, b: 1, a: 1}
  m_FlipX: 0
  m_FlipY: 0
  m_DrawMode: 0
  m_Size: {x: 1, y: 1}
  m_AdaptiveModeThreshold: 0.5
  m_SpriteTileMode: 0
  m_WasSpriteAssigned: 1
  m_MaskInteraction: 0
  m_SpriteSortPoint: 0
--- !u!4 &2012382207
Transform:
  m_ObjectHideFlags: 0
  m_CorrespondingSourceObject: {fileID: 0}
  m_PrefabInstance: {fileID: 0}
  m_PrefabAsset: {fileID: 0}
  m_GameObject: {fileID: 2012382204}
  m_LocalRotation: {x: -0, y: -0, z: -0, w: 1}
  m_LocalPosition: {x: 26.816599, y: -15, z: 0}
  m_LocalScale: {x: 1, y: 1, z: 1}
  m_Children: []
  m_Father: {fileID: 0}
  m_RootOrder: 7
  m_LocalEulerAnglesHint: {x: 0, y: 0, z: 0}
--- !u!114 &2012382208
MonoBehaviour:
  m_ObjectHideFlags: 0
  m_CorrespondingSourceObject: {fileID: 0}
  m_PrefabInstance: {fileID: 0}
  m_PrefabAsset: {fileID: 0}
  m_GameObject: {fileID: 2012382204}
  m_Enabled: 1
  m_EditorHideFlags: 0
  m_Script: {fileID: 11500000, guid: f6eb1402c17e84a9282a7f0f62eb584f, type: 3}
  m_Name: 
  m_EditorClassIdentifier: 
  version: 2
  radius: 0.5
  height: 2
  repathRate: 1
  canSearch: 1
  canMove: 1
  maxSpeed: 5
  gravity: {x: NaN, y: NaN, z: NaN}
  groundMask:
    serializedVersion: 2
    m_Bits: 4294967295
  centerOffsetCompatibility: NaN
  orientation: 1
  enableRotation: 0
  targetCompatibility: {fileID: 0}
  maxAcceleration: -2.5
  rotationSpeed: 0
  slowdownDistance: 0.6
  pickNextWaypointDist: 1
  endReachedDistance: 2
  alwaysDrawGizmos: 0
  slowWhenNotFacingTarget: 1
  whenCloseToDestination: 0
  constrainInsideGraph: 0
--- !u!114 &2012382209
MonoBehaviour:
  m_ObjectHideFlags: 0
  m_CorrespondingSourceObject: {fileID: 0}
  m_PrefabInstance: {fileID: 0}
  m_PrefabAsset: {fileID: 0}
  m_GameObject: {fileID: 2012382204}
  m_Enabled: 1
  m_EditorHideFlags: 0
  m_Script: {fileID: 11500000, guid: 373b52eb9bf8c40f785bb6947a1aee66, type: 3}
  m_Name: 
  m_EditorClassIdentifier: 
  version: 1
  drawGizmos: 1
  detailedGizmos: 0
  startEndModifier:
    addPoints: 0
    exactStartPoint: 3
    exactEndPoint: 3
    useRaycasting: 0
    mask:
      serializedVersion: 2
      m_Bits: 4294967295
    useGraphRaycasting: 0
  traversableTags: -1
  tagPenalties: 0000000000000000000000000000000000000000000000000000000000000000000000000000000000000000000000000000000000000000000000000000000000000000000000000000000000000000000000000000000000000000000000000000000000000000000000000000000000000000000000000000000000000000
  graphMask:
    value: -1
--- !u!114 &2012382210
MonoBehaviour:
  m_ObjectHideFlags: 0
  m_CorrespondingSourceObject: {fileID: 0}
  m_PrefabInstance: {fileID: 0}
  m_PrefabAsset: {fileID: 0}
  m_GameObject: {fileID: 2012382204}
  m_Enabled: 1
  m_EditorHideFlags: 0
  m_Script: {fileID: 11500000, guid: c9679e68a0f1144e79c664d9a11ca121, type: 3}
  m_Name: 
  m_EditorClassIdentifier: 
  version: 1
  target: {fileID: 212702299}
  maxDistance: 10
--- !u!58 &2012382211
CircleCollider2D:
  m_ObjectHideFlags: 0
  m_CorrespondingSourceObject: {fileID: 0}
  m_PrefabInstance: {fileID: 0}
  m_PrefabAsset: {fileID: 0}
  m_GameObject: {fileID: 2012382204}
  m_Enabled: 1
  m_Density: 1
  m_Material: {fileID: 0}
  m_IsTrigger: 1
  m_UsedByEffector: 0
  m_UsedByComposite: 0
  m_Offset: {x: 0, y: 0}
  serializedVersion: 2
  m_Radius: 1
--- !u!114 &2012382212
MonoBehaviour:
  m_ObjectHideFlags: 0
  m_CorrespondingSourceObject: {fileID: 0}
  m_PrefabInstance: {fileID: 0}
  m_PrefabAsset: {fileID: 0}
  m_GameObject: {fileID: 2012382204}
  m_Enabled: 1
  m_EditorHideFlags: 0
  m_Script: {fileID: 11500000, guid: 2465412a3ea97314a988d07224aa12ad, type: 3}
  m_Name: 
  m_EditorClassIdentifier: 
--- !u!1001 &8746432715677268410
PrefabInstance:
  m_ObjectHideFlags: 0
  serializedVersion: 2
  m_Modification:
    m_TransformParent: {fileID: 0}
    m_Modifications:
    - target: {fileID: 8746432714197937859, guid: dafc9adbe4d99dc4c9fdb89364c6ee54, type: 3}
      propertyPath: m_IsActive
      value: 0
      objectReference: {fileID: 0}
    - target: {fileID: 8746432715231445306, guid: dafc9adbe4d99dc4c9fdb89364c6ee54, type: 3}
      propertyPath: m_LocalPosition.x
      value: 0.00000023841858
      objectReference: {fileID: 0}
    - target: {fileID: 8746432715231445306, guid: dafc9adbe4d99dc4c9fdb89364c6ee54, type: 3}
      propertyPath: m_LocalPosition.y
      value: -15
      objectReference: {fileID: 0}
    - target: {fileID: 8746432715231445306, guid: dafc9adbe4d99dc4c9fdb89364c6ee54, type: 3}
      propertyPath: m_LocalPosition.z
      value: -10
      objectReference: {fileID: 0}
    - target: {fileID: 8746432715231445306, guid: dafc9adbe4d99dc4c9fdb89364c6ee54, type: 3}
      propertyPath: m_LocalRotation.x
      value: 0
      objectReference: {fileID: 0}
    - target: {fileID: 8746432715231445306, guid: dafc9adbe4d99dc4c9fdb89364c6ee54, type: 3}
      propertyPath: m_LocalRotation.y
      value: 0
      objectReference: {fileID: 0}
    - target: {fileID: 8746432715231445306, guid: dafc9adbe4d99dc4c9fdb89364c6ee54, type: 3}
      propertyPath: m_LocalRotation.z
      value: 0
      objectReference: {fileID: 0}
    - target: {fileID: 8746432715231445306, guid: dafc9adbe4d99dc4c9fdb89364c6ee54, type: 3}
      propertyPath: m_LocalRotation.w
      value: 1
      objectReference: {fileID: 0}
    - target: {fileID: 8746432715231445306, guid: dafc9adbe4d99dc4c9fdb89364c6ee54, type: 3}
      propertyPath: m_RootOrder
      value: 2
      objectReference: {fileID: 0}
    - target: {fileID: 8746432715231445306, guid: dafc9adbe4d99dc4c9fdb89364c6ee54, type: 3}
      propertyPath: m_LocalEulerAnglesHint.x
      value: 0
      objectReference: {fileID: 0}
    - target: {fileID: 8746432715231445306, guid: dafc9adbe4d99dc4c9fdb89364c6ee54, type: 3}
      propertyPath: m_LocalEulerAnglesHint.y
      value: 0
      objectReference: {fileID: 0}
    - target: {fileID: 8746432715231445306, guid: dafc9adbe4d99dc4c9fdb89364c6ee54, type: 3}
      propertyPath: m_LocalEulerAnglesHint.z
      value: 0
      objectReference: {fileID: 0}
    - target: {fileID: 8746432715231445307, guid: dafc9adbe4d99dc4c9fdb89364c6ee54, type: 3}
      propertyPath: target
      value: 
      objectReference: {fileID: 212702299}
    - target: {fileID: 8746432715231445445, guid: dafc9adbe4d99dc4c9fdb89364c6ee54, type: 3}
      propertyPath: orthographic size
      value: 7
      objectReference: {fileID: 0}
    - target: {fileID: 8746432715231445446, guid: dafc9adbe4d99dc4c9fdb89364c6ee54, type: 3}
      propertyPath: m_Name
      value: Main Camera
      objectReference: {fileID: 0}
    m_RemovedComponents:
    - {fileID: 8746432714197937857, guid: dafc9adbe4d99dc4c9fdb89364c6ee54, type: 3}
    - {fileID: 8746432715231445307, guid: dafc9adbe4d99dc4c9fdb89364c6ee54, type: 3}
  m_SourcePrefab: {fileID: 100100000, guid: dafc9adbe4d99dc4c9fdb89364c6ee54, type: 3}
--- !u!1001 &8795730192444310555
PrefabInstance:
  m_ObjectHideFlags: 0
  serializedVersion: 2
  m_Modification:
    m_TransformParent: {fileID: 0}
    m_Modifications:
    - target: {fileID: 8795730192237580352, guid: 8e696e964dd26344b8f248da2409893f, type: 3}
      propertyPath: m_LocalPosition.x
      value: 0
      objectReference: {fileID: 0}
    - target: {fileID: 8795730192237580352, guid: 8e696e964dd26344b8f248da2409893f, type: 3}
      propertyPath: m_LocalPosition.y
      value: 0
      objectReference: {fileID: 0}
    - target: {fileID: 8795730192237580352, guid: 8e696e964dd26344b8f248da2409893f, type: 3}
      propertyPath: m_LocalScale.x
      value: 1.5
      objectReference: {fileID: 0}
    - target: {fileID: 8795730192237580352, guid: 8e696e964dd26344b8f248da2409893f, type: 3}
      propertyPath: m_LocalScale.y
      value: 1.5
      objectReference: {fileID: 0}
    - target: {fileID: 8795730193300165728, guid: 8e696e964dd26344b8f248da2409893f, type: 3}
      propertyPath: m_LocalPosition.x
      value: 0
      objectReference: {fileID: 0}
    - target: {fileID: 8795730193300165728, guid: 8e696e964dd26344b8f248da2409893f, type: 3}
      propertyPath: m_LocalPosition.y
      value: -15
      objectReference: {fileID: 0}
    - target: {fileID: 8795730193300165728, guid: 8e696e964dd26344b8f248da2409893f, type: 3}
      propertyPath: m_LocalPosition.z
      value: 0
      objectReference: {fileID: 0}
    - target: {fileID: 8795730193300165728, guid: 8e696e964dd26344b8f248da2409893f, type: 3}
      propertyPath: m_LocalRotation.x
      value: 0
      objectReference: {fileID: 0}
    - target: {fileID: 8795730193300165728, guid: 8e696e964dd26344b8f248da2409893f, type: 3}
      propertyPath: m_LocalRotation.y
      value: 0
      objectReference: {fileID: 0}
    - target: {fileID: 8795730193300165728, guid: 8e696e964dd26344b8f248da2409893f, type: 3}
      propertyPath: m_LocalRotation.z
      value: 0
      objectReference: {fileID: 0}
    - target: {fileID: 8795730193300165728, guid: 8e696e964dd26344b8f248da2409893f, type: 3}
      propertyPath: m_LocalRotation.w
      value: 1
      objectReference: {fileID: 0}
    - target: {fileID: 8795730193300165728, guid: 8e696e964dd26344b8f248da2409893f, type: 3}
      propertyPath: m_RootOrder
      value: 3
      objectReference: {fileID: 0}
    - target: {fileID: 8795730193300165728, guid: 8e696e964dd26344b8f248da2409893f, type: 3}
      propertyPath: m_LocalEulerAnglesHint.x
      value: 0
      objectReference: {fileID: 0}
    - target: {fileID: 8795730193300165728, guid: 8e696e964dd26344b8f248da2409893f, type: 3}
      propertyPath: m_LocalEulerAnglesHint.y
      value: 0
      objectReference: {fileID: 0}
    - target: {fileID: 8795730193300165728, guid: 8e696e964dd26344b8f248da2409893f, type: 3}
      propertyPath: m_LocalEulerAnglesHint.z
      value: 0
      objectReference: {fileID: 0}
    - target: {fileID: 8795730193300165733, guid: 8e696e964dd26344b8f248da2409893f, type: 3}
      propertyPath: m_ColliderPaths.Array.size
      value: 0
      objectReference: {fileID: 0}
    - target: {fileID: 8795730193300165733, guid: 8e696e964dd26344b8f248da2409893f, type: 3}
      propertyPath: m_ColliderPaths.Array.data[0].m_ColliderPaths.Array.size
      value: 1
      objectReference: {fileID: 0}
    - target: {fileID: 8795730193300165733, guid: 8e696e964dd26344b8f248da2409893f, type: 3}
      propertyPath: m_ColliderPaths.Array.data[0].m_ColliderPaths.Array.data[0].Array.size
      value: 6
      objectReference: {fileID: 0}
    - target: {fileID: 8795730193300165733, guid: 8e696e964dd26344b8f248da2409893f, type: 3}
      propertyPath: m_CompositePaths.m_Paths.Array.size
      value: 0
      objectReference: {fileID: 0}
    - target: {fileID: 8795730193300165733, guid: 8e696e964dd26344b8f248da2409893f, type: 3}
      propertyPath: m_CompositePaths.m_Paths.Array.data[0].Array.size
      value: 6
      objectReference: {fileID: 0}
    - target: {fileID: 8795730193300165733, guid: 8e696e964dd26344b8f248da2409893f, type: 3}
      propertyPath: m_GeometryType
      value: 0
      objectReference: {fileID: 0}
    - target: {fileID: 8795730193300165733, guid: 8e696e964dd26344b8f248da2409893f, type: 3}
      propertyPath: m_ColliderPaths.Array.data[0].m_Collider
      value: 
      objectReference: {fileID: 0}
    - target: {fileID: 8795730193300165733, guid: 8e696e964dd26344b8f248da2409893f, type: 3}
      propertyPath: m_ColliderPaths.Array.data[0].m_ColliderPaths.Array.data[0].Array.data[0].Y
      value: 11366320
      objectReference: {fileID: 0}
    - target: {fileID: 8795730193300165733, guid: 8e696e964dd26344b8f248da2409893f, type: 3}
      propertyPath: m_ColliderPaths.Array.data[0].m_ColliderPaths.Array.data[0].Array.data[1].X
      value: -11622140
      objectReference: {fileID: 0}
    - target: {fileID: 8795730193300165733, guid: 8e696e964dd26344b8f248da2409893f, type: 3}
      propertyPath: m_ColliderPaths.Array.data[0].m_ColliderPaths.Array.data[0].Array.data[1].Y
      value: 3711221
      objectReference: {fileID: 0}
    - target: {fileID: 8795730193300165733, guid: 8e696e964dd26344b8f248da2409893f, type: 3}
      propertyPath: m_ColliderPaths.Array.data[0].m_ColliderPaths.Array.data[0].Array.data[2].X
      value: -12212577
      objectReference: {fileID: 0}
    - target: {fileID: 8795730193300165733, guid: 8e696e964dd26344b8f248da2409893f, type: 3}
      propertyPath: m_ColliderPaths.Array.data[0].m_ColliderPaths.Array.data[0].Array.data[2].Y
      value: -7593335
      objectReference: {fileID: 0}
    - target: {fileID: 8795730193300165733, guid: 8e696e964dd26344b8f248da2409893f, type: 3}
      propertyPath: m_ColliderPaths.Array.data[0].m_ColliderPaths.Array.data[0].Array.data[3].X
      value: 10787
      objectReference: {fileID: 0}
    - target: {fileID: 8795730193300165733, guid: 8e696e964dd26344b8f248da2409893f, type: 3}
      propertyPath: m_ColliderPaths.Array.data[0].m_ColliderPaths.Array.data[0].Array.data[3].Y
      value: -13431225
      objectReference: {fileID: 0}
    - target: {fileID: 8795730193300165733, guid: 8e696e964dd26344b8f248da2409893f, type: 3}
      propertyPath: m_ColliderPaths.Array.data[0].m_ColliderPaths.Array.data[0].Array.data[4].X
      value: 11218896
      objectReference: {fileID: 0}
    - target: {fileID: 8795730193300165733, guid: 8e696e964dd26344b8f248da2409893f, type: 3}
      propertyPath: m_ColliderPaths.Array.data[0].m_ColliderPaths.Array.data[0].Array.data[4].Y
      value: -7593333
      objectReference: {fileID: 0}
    - target: {fileID: 8795730193300165733, guid: 8e696e964dd26344b8f248da2409893f, type: 3}
      propertyPath: m_CompositePaths.m_Paths.Array.data[0].Array.data[0].x
      value: 0.0010668
      objectReference: {fileID: 0}
    - target: {fileID: 8795730193300165733, guid: 8e696e964dd26344b8f248da2409893f, type: 3}
      propertyPath: m_CompositePaths.m_Paths.Array.data[0].Array.data[0].y
      value: -1.3431168
      objectReference: {fileID: 0}
    - target: {fileID: 8795730193300165733, guid: 8e696e964dd26344b8f248da2409893f, type: 3}
      propertyPath: m_CompositePaths.m_Paths.Array.data[0].Array.data[1].x
      value: 1.1218901
      objectReference: {fileID: 0}
    - target: {fileID: 8795730193300165733, guid: 8e696e964dd26344b8f248da2409893f, type: 3}
      propertyPath: m_CompositePaths.m_Paths.Array.data[0].Array.data[1].y
      value: -0.7593177
      objectReference: {fileID: 0}
    - target: {fileID: 8795730193300165733, guid: 8e696e964dd26344b8f248da2409893f, type: 3}
      propertyPath: m_CompositePaths.m_Paths.Array.data[0].Array.data[2].x
      value: 1.1622024
      objectReference: {fileID: 0}
    - target: {fileID: 8795730193300165733, guid: 8e696e964dd26344b8f248da2409893f, type: 3}
      propertyPath: m_CompositePaths.m_Paths.Array.data[0].Array.data[2].y
      value: 0.296604
      objectReference: {fileID: 0}
    - target: {fileID: 8795730193300165733, guid: 8e696e964dd26344b8f248da2409893f, type: 3}
      propertyPath: m_CompositePaths.m_Paths.Array.data[0].Array.data[3].x
      value: -0.0000157
      objectReference: {fileID: 0}
    - target: {fileID: 8795730193300165733, guid: 8e696e964dd26344b8f248da2409893f, type: 3}
      propertyPath: m_CompositePaths.m_Paths.Array.data[0].Array.data[3].y
      value: 1.1366216
      objectReference: {fileID: 0}
    - target: {fileID: 8795730193300165733, guid: 8e696e964dd26344b8f248da2409893f, type: 3}
      propertyPath: m_CompositePaths.m_Paths.Array.data[0].Array.data[4].x
      value: -1.1622146
      objectReference: {fileID: 0}
    - target: {fileID: 8795730193300165733, guid: 8e696e964dd26344b8f248da2409893f, type: 3}
      propertyPath: m_CompositePaths.m_Paths.Array.data[0].Array.data[4].y
      value: 0.3711088
      objectReference: {fileID: 0}
    - target: {fileID: 8795730193300165733, guid: 8e696e964dd26344b8f248da2409893f, type: 3}
      propertyPath: m_ColliderPaths.Array.data[0].m_ColliderPaths.Array.data[0].Array.data[5].X
      value: 11622139
      objectReference: {fileID: 0}
    - target: {fileID: 8795730193300165733, guid: 8e696e964dd26344b8f248da2409893f, type: 3}
      propertyPath: m_ColliderPaths.Array.data[0].m_ColliderPaths.Array.data[0].Array.data[5].Y
      value: 2965955
      objectReference: {fileID: 0}
    - target: {fileID: 8795730193300165733, guid: 8e696e964dd26344b8f248da2409893f, type: 3}
      propertyPath: m_CompositePaths.m_Paths.Array.data[0].Array.data[5].x
      value: -1.2212412
      objectReference: {fileID: 0}
    - target: {fileID: 8795730193300165733, guid: 8e696e964dd26344b8f248da2409893f, type: 3}
      propertyPath: m_CompositePaths.m_Paths.Array.data[0].Array.data[5].y
      value: -0.7593414
      objectReference: {fileID: 0}
    - target: {fileID: 8795730193300165734, guid: 8e696e964dd26344b8f248da2409893f, type: 3}
      propertyPath: m_ApplyRootMotion
      value: 1
      objectReference: {fileID: 0}
    - target: {fileID: 8795730193300165740, guid: 8e696e964dd26344b8f248da2409893f, type: 3}
      propertyPath: m_Name
      value: Player
      objectReference: {fileID: 0}
    m_RemovedComponents: []
  m_SourcePrefab: {fileID: 100100000, guid: 8e696e964dd26344b8f248da2409893f, type: 3}
